@article{Kaelbling1996,
  doi = {10.1613/jair.301},
  url = {https://doi.org/10.1613/jair.301},
  year = {1996},
  month = may,
  publisher = {{AI} Access Foundation},
  volume = {4},
  pages = {237--285},
  author = {L. P. Kaelbling and M. L. Littman and A. W. Moore},
  title = {Reinforcement Learning:  A Survey},
  journal = {Journal of Artificial Intelligence Research}
}

@article{Kober2013,
  doi = {10.1177/0278364913495721},
  url = {https://doi.org/10.1177/0278364913495721},
  year = {2013},
  month = aug,
  publisher = {{SAGE} Publications},
  volume = {32},
  number = {11},
  pages = {1238--1274},
  author = {Jens Kober and J. Andrew Bagnell and Jan Peters},
  title = {Reinforcement learning in robotics: A survey},
  journal = {The International Journal of Robotics Research}
}

@inproceedings{Ipek2008,
  doi = {10.1109/isca.2008.21},
  url = {https://doi.org/10.1109/isca.2008.21},
  year = {2008},
  month = jun,
  publisher = {{IEEE}},
  author = {Engin Ipek and Onur Mutlu and Jos{\'{e}} F. Mart{\'{\i}}nez and Rich Caruana},
  title = {Self-Optimizing Memory Controllers: A Reinforcement Learning Approach},
  booktitle = {2008 International Symposium on Computer Architecture}
}

@book{Sutton1998,
  author = {Sutton, Richard S. and Barto, Andrew G.},
  edition = {Second},
  publisher = {The MIT Press},
  title = {Reinforcement Learning: An Introduction},
  url = {http://incompleteideas.net/book/the-book-2nd.html},
  year = {2018}
}

@article{Tesauro1995,
  doi = {10.1145/203330.203343},
  url = {https://doi.org/10.1145/203330.203343},
  year = {1995},
  month = mar,
  publisher = {Association for Computing Machinery ({ACM})},
  volume = {38},
  number = {3},
  pages = {58--68},
  author = {Gerald Tesauro},
  title = {Temporal difference learning and {TD}-Gammon},
  journal = {Communications of the {ACM}}
}
